<?xml version="1.0" encoding="UTF-8"?><collection xmlns="http://www.loc.gov/MARC21/slim"><record><leader>00728nam--2200193-u-4500</leader><controlfield tag="001">000053032</controlfield><controlfield tag="002">20161230</controlfield><controlfield tag="005">20161230201050</controlfield><controlfield tag="008">110103s1000------------r-----000-0-eng-d</controlfield><datafield ind1=" " ind2=" " tag="020"><subfield code="a">0917406133</subfield></datafield><datafield ind1=" " ind2=" " tag="040"><subfield code="a">IFIN-HH</subfield></datafield><datafield ind1=" " ind2=" " tag="080"><subfield code="a">537.2:53.07</subfield></datafield><datafield ind1="1" ind2=" " tag="100"><subfield code="a">Francis, G.W</subfield></datafield><datafield ind1="1" ind2="0" tag="245"><subfield code="a">Electrostatic experiments</subfield><subfield code="b">An encyclopedia of early electrostatic experiments, menonstrations, devices, and apparatus. edited and reformatted by oleg d. jefimenko</subfield><subfield code="c">G.w. francis</subfield></datafield><datafield ind1=" " ind2=" " tag="260"><subfield code="a">Star City, West Virginia</subfield><subfield code="b">Electret Scientific Company</subfield><subfield code="c">2005</subfield></datafield><datafield ind1=" " ind2=" " tag="300"><subfield code="a">273P</subfield></datafield><datafield ind1=" " ind2=" " tag="500"><subfield code="a">Originally Published In The Middle Of The 19th Century Under The Title "Electrical Experiments"</subfield></datafield><datafield ind1=" " ind2=" " tag="852"><subfield code="a">82232</subfield><subfield code="c">537:538</subfield></datafield><datafield ind1=" " ind2=" " tag="CAT"><subfield code="a">Sys</subfield><subfield code="c">20110103</subfield><subfield code="h">130748</subfield></datafield></record></collection>